@book{AmadioCurien1998,
  title =	 {Domains and Lambda-Calculi},
  DOI =		 {10.1017/cbo9780511983504},
  publisher =	 {Cambridge University Press},
  author =	 {Amadio, Roberto M. and Curien, Pierre-Louis},
  year =	 1998
}


@inproceedings{Bauer2006,
  title =	 {First Steps in Synthetic Computability Theory},
  author =	 {Bauer, Andrej},
  year =	 2006,
  pages =	 {5--31},
  volume =	 155,
  series =	 {Electronic Notes in Theoretical Computer Science},
  editor =	 {Escard\'o, M. and Jung, A. and Mislove, M.},
  booktitle =	 {Proceedings of the 21st Annual Conference on Mathematical
                  Foundations of Programming Semantics (MFPS XXI)},
  doi =		 {10.1016/j.entcs.2005.11.049}
}

@unpublished{Bauer2023,
  title =	 {Notes on realizability},
  author =	 {Bauer, Andrej},
  year =	 2023,
  date =	 {2023-05-06},
  note =	 {Lecture notes},
  url =
                  {https://www.andrej.com/zapiski/MGS-2022/notes-on-realizability.pdf}
}

@article{HJP1980,
  title =	 {Tripos theory},
  volume =	 88,
  number =	 2,
  journal =	 {Mathematical Proceedings of the Cambridge Philosophical
                  Society},
  author =	 {Hyland, J.~M.~E. and Johnstone, P.~T. and Pitts, A.~M.},
  year =	 1980,
  pages =	 {205--232},
  DOI =		 {10.1017/S0305004100057534},
}

@inproceedings{Hyland1982,
  title =	 {The Effective Topos},
  author =	 {Hyland, J.~M.~E.},
  volume =	 110,
  pages =	 {165--216},
  year =	 1982,
  series =	 {Studies in Logic and the Foundations of Mathematics},
  editors =	 {Troelstra, A.~S. and van Dalen, D.},
  booktitle =	 {The L.~E.~J. Brouwer Centenary Symposium},
  booksubtitle = {Proceedings of the Conference held in Noordwijkerhout, 8-13
                  June, 1981},
  publisher =	 {North-Holland Publishing Company},
  doi =		 {10.1016/S0049-237X(09)70129-6}
}

@article{Kleene1945,
  title =	 {On the interpretation of intuitionistic number theory},
  volume =	 10,
  DOI =		 {10.2307/2269016},
  number =	 4,
  journal =	 {Journal of Symbolic Logic},
  author =	 {Kleene, S.~C.},
  year =	 1945,
  pages =	 {109--124}
}

@book{KleeneVesley1965,
  title =	 {The Foundations of Intuitionistic Mathematics},
  subtitle =	 {Especially in relation to recursive functions},
  year =	 1965,
  publisher =	 {North-Holland Publishing Company},
  author =	 {Kleene, Stpehen Cole and Vesley, Richard Eugene},
  series =	 {Studies in Logic and the Foundations of Mathematics},
  volume =	 39,
  doi =		 {10.1016/s0049-237x(08)x7064-8}
}

@phdthesis{Longley1995,
  title =	 {Realizability Toposes and Language Semantics},
  author =	 {Longley, John~R.},
  year =	 1995,
  school =	 {University of Edinburgh},
  note =	 {Available as
                  \href{https://www.lfcs.inf.ed.ac.uk/reports/95/ECS-LFCS-95-332/}{ECS-LFCS-95-332}}
}

@book{LongleyNormann2015,
  title =	 {Higher-Order Computability},
  author =	 {John Longley and Dag Normann},
  year =	 2015,
  publisher =	 {Springer},
  series =	 {Theory and Applications of Computability},
  doi =		 {10.1007/978-3-662-47992-6}
}

@article{Schonfinkel1924,
  author =	 {Sch\"onfinkel, M.},
  title =	 {\"Uber die Bausteine der mathematischen Logik},
  year =	 1924,
  journal =	 {Mathematische Annalen},
  volume =	 92,
  number =	 3,
  pages =	 {305--316},
  doi =		 {10.1007/BF01448013}
}

@article{Scott1976,
  author =	 {Scott, Dana},
  title =	 {Data Types as Lattices},
  journal =	 {SIAM Journal on Computing},
  volume =	 5,
  number =	 3,
  pages =	 {522--587},
  year =	 1976,
  doi =		 {10.1137/0205037}
}

@unpublished{Streicher2018,
  author =	 {Streicher, Thomas},
  title =	 {Realizability},
  year =	 2018,
  url =
                  {https://www2.mathematik.tu-darmstadt.de/~streicher/REAL/REAL.pdf},
  note =	 {Lecture notes}
}

@book{vanOosten2008,
  title =	 {Realizability: An Introduction to its Categorical Side},
  author =	 {van Oosten, Jaap},
  series =	 {Studies in Logic and the Foundations of Mathematics},
  volume =	 152,
  year =	 2008,
  publisher =	 {Elsevier},
  editor =	 {S. Abramsky and S. Artemov and D.~M. Gabbay and A. Kechris and
                  A. Pillay and R.~A. Shore},
  doi =		 {10.1016/s0049-237X(08)X8001-2}
}

@misc{latex-triangle,
  title = {Add text to Penrose triangle},
  author = {AboAmmar},
  date = {2014-08-31},
  note = {\TeX\ StackExchange answer},
  url = {https://tex.stackexchange.com/a/198782}
}